@techreport{hopcroft1971n,
	title={An n log n algorithm for minimizing states in a finite automaton},
	author={Hopcroft, John},
	year={1971},
	institution={DTIC Document}
}

@book{simovici1999theory,
	title={Theory of formal languages with applications},
	author={Simovici, Dan A and Tenney, Richard L},
	volume={3},
	year={1999},
	publisher={World Scientific Singapore}
}
